@article{reviewmobile,
  author={Alatise, Mary B. and Hancke, Gerhard P.},
  journal={IEEE Access}, 
  title={A Review on Challenges of Autonomous Mobile Robot and Sensor Fusion Methods}, 
  year={2020},
  volume={8},
  number={},
  pages={39830-39846},
  keywords={Mobile robots;Robot sensing systems;Navigation;Wheels;Task analysis;Robot kinematics;Autonomous mobile robot;sensor fusion;devices;estimation;localization;navigation},
  doi={10.1109/ACCESS.2020.2975643}}

@inproceedings{perception,
  title={Perception for mobile robot navigation: A survey of the state of the art},
  author={David Kortenkamp},
  year={1994},
  url={https://api.semanticscholar.org/CorpusID:64273728}
}

@misc{rosdepthimage,
  title={depthimage\_to\_laserscan},
  author={{Chad Rockey}},
  howpublished={\url{https://wiki.ros.org/depthimage_to_laserscan}}
}

@article{lidar,
  author={Li, You and Ibanez-Guzman, Javier},
  journal={IEEE Signal Processing Magazine}, 
  title={Lidar for Autonomous Driving: The Principles, Challenges, and Trends for Automotive Lidar and Perception Systems}, 
  year={2020},
  volume={37},
  number={4},
  pages={50-61},
  keywords={Laser radar;Measurement by laser beam;Vertical cavity surface emitting lasers;Laser beams;Autonomous vehicles},
  doi={10.1109/MSP.2020.2973615}}

@misc{lidarintro,
	author = {Rohrbach, Felix},
	month = {1},
	title = {{An introduction to LiDAR}},
	year = {2020},
	url = {https://felix.rohrba.ch/en/2015/an-introduction-to-lidar/},
}

@article{lidarexample,
  title={What Happens for a ToF LiDAR in Fog?},
  author={You Li and Pierre Duthon and Mich{\`e}le Colomb and Javier Iba{\~n}ez-Guzm{\'a}n},
  journal={IEEE Transactions on Intelligent Transportation Systems},
  year={2020},
  volume={22},
  pages={6670-6681},
  url={https://api.semanticscholar.org/CorpusID:212725277}
}

@article{depthcam,
author = {Tadic, Vladimir and Odry, Ákos and Kecskes, Istvan and Burkus, Ervin and Király, Zoltán and Odry, Peter},
year = {2019},
month = {09},
pages = {107-112},
title = {Application of Intel RealSense Cameras for Depth Image Generation in Robotics},
volume = {18},
journal = {WSEAS Transactions on Computers}
}

@article{kinect,
author = {El-laithy, Riyad and Huang, Jidong and Yeh, Michael},
year = {2012},
month = {04},
pages = {1280-1288},
title = {Study on the use of Microsoft Kinect for robotics applications},
journal = {Record - IEEE PLANS, Position Location and Navigation Symposium},
doi = {10.1109/PLANS.2012.6236985}
}

@article{rgbdmapping,
author = {Henry, Peter and Krainin, Michael and Herbst, Evan and Ren, Xiaofeng and Fox, Dieter},
title = {RGB-D mapping: Using Kinect-style depth cameras for dense 3D modeling of indoor environments},
year = {2012},
issue_date = {April     2012},
publisher = {Sage Publications, Inc.},
address = {USA},
volume = {31},
number = {5},
issn = {0278-3649},
url = {https://doi.org/10.1177/0278364911434148},
doi = {10.1177/0278364911434148},
journal = {Int. J. Rob. Res.},
pages = {647–663},
numpages = {17},
keywords = {RGB-D, SLAM, kinect, localization, mapping, range sensing, vision}
}

@article{tof,
  author       = {Radu Horaud and
                  Miles E. Hansard and
                  Georgios Evangelidis and
                  Cl{\'{e}}ment M{\'{e}}nier},
  title        = {An Overview of Depth Cameras and Range Scanners Based on Time-of-Flight
                  Technologies},
  journal      = {CoRR},
  volume       = {abs/2012.06772},
  year         = {2020},
  url          = {https://arxiv.org/abs/2012.06772},
  eprinttype    = {arXiv},
  eprint       = {2012.06772},
  timestamp    = {Sat, 02 Jan 2021 15:43:30 +0100},
  biburl       = {https://dblp.org/rec/journals/corr/abs-2012-06772.bib},
  bibsource    = {dblp computer science bibliography, https://dblp.org}
}

@article{slam,
  author={Grisetti, Giorgio and Kümmerle, Rainer and Stachniss, Cyrill and Burgard, Wolfram},
  journal={IEEE Intelligent Transportation Systems Magazine}, 
  title={A Tutorial on Graph-Based SLAM}, 
  year={2010},
  volume={2},
  number={4},
  pages={31-43},
  keywords={Tutorials;Graph theory;Mobile robots;Global Positioning System;Mapping},
  doi={10.1109/MITS.2010.939925}}

@article{slamoverview,
  author = {Alsadik, Bashar and Karam, Samer},
  year = {2021},
  month = {11},
  pages = {120-131},
  title = {The Simultaneous Localization and Mapping (SLAM)-An Overview},
  volume = {2},
  journal = {Journal of Applied Science and Technology Trends},
  doi = {10.38094/jastt204117}
  }

@article{slamii,
  author={Bailey, T. and Durrant-Whyte, H.},
  journal={IEEE Robotics \& Automation Magazine}, 
  title={Simultaneous localization and mapping (SLAM): part II}, 
  year={2006},
  volume={13},
  number={3},
  pages={108-117},
  keywords={Simultaneous localization and mapping;Vehicles;Computational complexity;Computational efficiency;Delay estimation;Uncertainty;Robotics and automation;Mobile robots;Robustness;Bayesian methods},
  doi={10.1109/MRA.2006.1678144}
  }

@article{slamtutorial,
author = {Grisetti, Giorgio and Kümmerle, Rainer and Stachniss, Cyrill and Burgard, Wolfram},
year = {2010},
month = {12},
pages = {31-43},
title = {A tutorial on graph-based SLAM},
volume = {2},
journal = {IEEE Transactions on Intelligent Transportation Systems Magazine},
doi = {10.1109/MITS.2010.939925}
}

@inproceedings{ros2,
author = {Maruyama, Yuya and Kato, Shinpei and Azumi, Takuya},
title = {Exploring the performance of ROS2},
year = {2016},
isbn = {9781450344852},
publisher = {Association for Computing Machinery},
address = {New York, NY, USA},
url = {https://doi.org/10.1145/2968478.2968502},
doi = {10.1145/2968478.2968502},
booktitle = {Proceedings of the 13th International Conference on Embedded Software},
articleno = {5},
numpages = {10},
keywords = {data distribution service, embedded, publish/subscribe, quality of service, real-time, robot operating system},
location = {Pittsburgh, Pennsylvania},
series = {EMSOFT '16}
}

@misc{nav2,
author = {Macenski, Steve and Martín, Francisco and White, Ruffin and Ginés Clavero, Jonatan},
year = {2020},
month = {02},
pages = {},
title = {The Marathon 2: A Navigation System}
}

@misc{nav2doc,
	title = {{Nav2 — Nav2 1.0.0 documentation}},
	url = {https://navigation.ros.org/},
}

@inproceedings{gazebo,
  author={Koenig, N. and Howard, A.},
  booktitle={2004 IEEE/RSJ International Conference on Intelligent Robots and Systems (IROS) (IEEE Cat. No.04CH37566)}, 
  title={Design and use paradigms for Gazebo, an open-source multi-robot simulator}, 
  year={2004},
  volume={3},
  number={},
  pages={2149-2154 vol.3},
  keywords={Open source software;Educational robots;Vehicle dynamics;Robot sensing systems;Packaging;Computational modeling;Service robots;Mobile robots;Friction;Testing},
  doi={10.1109/IROS.2004.1389727}}

@misc{rviz2,
	title = {{rviz - ROS Wiki}},
	url = {http://wiki.ros.org/rviz},
}

@article{slamtoolbox,
author = {Macenski, Steve and Jambrecic, Ivona},
year = {2021},
month = {05},
pages = {2783},
title = {SLAM Toolbox: SLAM for the dynamic world},
volume = {6},
journal = {Journal of Open Source Software},
doi = {10.21105/joss.02783}
}

@inproceedings{yolo,
  author={Redmon, Joseph and Divvala, Santosh and Girshick, Ross and Farhadi, Ali},
  booktitle={2016 IEEE Conference on Computer Vision and Pattern Recognition (CVPR)}, 
  title={You Only Look Once: Unified, Real-Time Object Detection}, 
  year={2016},
  volume={},
  number={},
  pages={779-788},
  keywords={Computer architecture;Microprocessors;Object detection;Training;Real-time systems;Neural networks;Pipelines},
  doi={10.1109/CVPR.2016.91}}

@misc{laserscan,
	title = {{sensor\_msgs/LaserScan Documentation}},
	url = {https://docs.ros.org/en/melodic/api/sensor_msgs/html/msg/LaserScan.html},
}

@misc{github,
	author = {jonbinney},
	title = {{ROS2 port Issue}},
	url = {https://github.com/ros-perception/laser_assembler/issues/17},
}

@article{depthencode,
AUTHOR = {Tan, Fang and Xia, Zhaoqiang and Ma, Yupeng and Feng, Xiaoyi},
TITLE = {3D Sensor Based Pedestrian Detection by Integrating Improved HHA Encoding and Two-Branch Feature Fusion},
JOURNAL = {Remote Sensing},
VOLUME = {14},
YEAR = {2022},
NUMBER = {3},
ARTICLE-NUMBER = {645},
URL = {https://www.mdpi.com/2072-4292/14/3/645},
ISSN = {2072-4292},
DOI = {10.3390/rs14030645}
}

